@online{paulo,
	title="arararule,indent.yaml",
	author="PauloCereda",
	date={2013-05-23},
	urldate={2021-03-19},
	keywords={contributor},}
