@online{cmh:videodemo,
	title   = "Videodemonstrationofpl.latexindentonyoutube",
	url     = "https://www.youtube.com/watch?v=wo38aaH2F4E&spfreload=10",
	urldate = {2017-02-21},
}
